% Bibliografía

% Este fichero contiene la bibliografía de la memoria
% Está en un formato que se conoce como BibTex.
% Hay muchos sitios web que exportan referencias en formato BibTeX. 
% Prueba a buscar en http://scholar.google.com por referencias
% y verás que lo puedes hacer de manera sencilla.
% Más información: 
% http://texblog.org/2014/04/22/using-google-scholar-to-download-bibtex-citations/

% Existen varias posibilidades para referenciar diferentes tipos de documentos,
% ya que los datos necesarios varían. Así, existen formatos de entrada para
%     * libros (book)
%     * artículos en revistas de investigación (article)
%     * capítulos de libro (incollection)
%     * informes técnicos (techreport)
%     * otros (misc)
%
% Las páginas web deberían ir como misc.

% Una última cosa: no referencias nunca la WikiPedia
% La WikiPedia, como buena enciclopedia, no es fuente primaria.
% Si acaso, busca por citas en la WikiPedia (que sí ha de referenciar fuentes
% primarias) y haz referencia a las mismas.


@Misc{python:1,
  title =	 {Python},
  note =	 {https://www.python.org/}
}

@Misc{latex:1,
  title =	 {Latex},
  note =	 {https://www.latex-project.org/}
}

@Misc{forms:1,
  title =	 {Google Forms},
  note =	 {https://www.google.es/intl/es/forms/about/}
}

@Misc{sheet:1,
  title =	 {Google Sheets API},
  note =	 {https://developers.google.com/sheets/api/}
}

@Misc{google_api_client:1,
  title =	 {Instalación google\-api\-python\-client},
  note =	 {https://developers.google.com/api-client-library/python/start/installation}
}

@Misc{pycountry:1,
  title =	 {Pycountry},
  note =	 {https://pypi.org/project/pycountry/}
}

@Misc{pillow:1,
  title =	 {Pillow},
  note =	 {https://pypi.org/project/Pillow/}
}

@Misc{oauth2client:1,
  title =	 {oauth2client},
  note =	 {https://pypi.org/project/oauth2client/}
}
